<?xml version="1.0"?>
<marc:records xmlns:marc="http://www.loc.gov/MARC21/slim" xmlns:xsi="http://www.w3.org/2001/XMLSchema-instance" xsi:schemaLocation="http://www.loc.gov/MARC21/slim http://www.loc.gov/standards/marcxml/schema/MARC21slim.xsd">
  <marc:record>
    <marc:leader>04484ctm a2200553Ia 4500</marc:leader>
    <marc:controlfield tag="001">9944235533503681</marc:controlfield>
    <marc:controlfield tag="005">20200226121851.0</marc:controlfield>
    <marc:controlfield tag="008">081202s1806    xx p          000 0 ara d</marc:controlfield>
    <marc:datafield ind1=" " ind2=" " tag="035">
  <marc:subfield code="a">(OCoLC)276878175</marc:subfield>
</marc:datafield>
    <marc:datafield ind1=" " ind2=" " tag="035">
  <marc:subfield code="a">(OCoLC)ocn276878175</marc:subfield>
</marc:datafield>
    <marc:datafield ind1=" " ind2=" " tag="040">
  <marc:subfield code="a">PAU</marc:subfield>
  <marc:subfield code="b">eng</marc:subfield>
  <marc:subfield code="c">PAU</marc:subfield>
  <marc:subfield code="d">OCLCQ</marc:subfield>
  <marc:subfield code="d">PAU</marc:subfield>
</marc:datafield>
    <marc:datafield ind1=" " ind2="9" tag="099">
  <marc:subfield code="a">CAJS Rar Ms 139</marc:subfield>
</marc:datafield>
    <marc:datafield ind1="1" ind2=" " tag="100">
  <marc:subfield code="6">880-01</marc:subfield>
  <marc:subfield code="a">Darwi&#x304;sh, Muh&#x323;ammad Adi&#x304;b ibn Muh&#x323;ammad.</marc:subfield>
</marc:datafield>
    <marc:datafield ind1="1" ind2="0" tag="245">
  <marc:subfield code="6">880-02</marc:subfield>
  <marc:subfield code="a">Bahjat al-mana&#x304;zil.</marc:subfield>
</marc:datafield>
    <marc:datafield ind1=" " ind2=" " tag="260">
  <marc:subfield code="c">A.H. 1221 (1806).</marc:subfield>
</marc:datafield>
    <marc:datafield ind1=" " ind2=" " tag="300">
  <marc:subfield code="a">i, 172, i leaves :</marc:subfield>
  <marc:subfield code="b">paper, illuminations ;</marc:subfield>
  <marc:subfield code="c">229 x 139 (216 x 114) mm with 5 leaves 228 x 161 mm (unfolded) bound to 230 x 144 mm.</marc:subfield>
</marc:datafield>
    <marc:datafield ind1=" " ind2=" " tag="336">
  <marc:subfield code="a">text</marc:subfield>
  <marc:subfield code="b">txt</marc:subfield>
  <marc:subfield code="2">rdacontent</marc:subfield>
</marc:datafield>
    <marc:datafield ind1=" " ind2=" " tag="337">
  <marc:subfield code="a">unmediated</marc:subfield>
  <marc:subfield code="b">n</marc:subfield>
  <marc:subfield code="2">rdamedia</marc:subfield>
</marc:datafield>
    <marc:datafield ind1=" " ind2=" " tag="338">
  <marc:subfield code="a">volume</marc:subfield>
  <marc:subfield code="b">nc</marc:subfield>
  <marc:subfield code="2">rdacarrier</marc:subfield>
</marc:datafield>
    <marc:datafield ind1=" " ind2=" " tag="500">
  <marc:subfield code="a">Ms. codex.</marc:subfield>
</marc:datafield>
    <marc:datafield ind1=" " ind2=" " tag="500">
  <marc:subfield code="a">Title from introduction (f. 1v)</marc:subfield>
</marc:datafield>
    <marc:datafield ind1=" " ind2=" " tag="500">
  <marc:subfield code="a">Foliation: Foliation in Hindu-Arabic numerals in red ink, upper left recto [(viii), 1-163, (i)]. Without catchwords.</marc:subfield>
</marc:datafield>
    <marc:datafield ind1=" " ind2=" " tag="500">
  <marc:subfield code="a">Layout: Written in 25 lines per page in black and red ink with marginalia; main text border-ruled in ink and gilt with text rules in blind; margins frame-ruled in blind; section headings framed in ink and gilt; some section ends within triangular frames of ink and gilt. Five leaves folded (f. 77, 93, 109, 163-[164]).</marc:subfield>
</marc:datafield>
    <marc:datafield ind1=" " ind2=" " tag="500">
  <marc:subfield code="a">Script: Written in clear nasta&#x2BB;liq; pointed.</marc:subfield>
</marc:datafield>
    <marc:datafield ind1=" " ind2=" " tag="500">
  <marc:subfield code="a">Decoration: Illuminated headpiece chiefly gold with red, blue, and orange (f. 1v). Rubrications in red.</marc:subfield>
</marc:datafield>
    <marc:datafield ind1=" " ind2=" " tag="500">
  <marc:subfield code="a">Binding: Bound in original full green leather tooled in gold; gold-tooled fore-edge and envelope flaps (Type II). Housed in a damaged paper case covered in red leather with head-edge flap and envelope flap; panels of marbled paper pasted to front and back of case; head-edge flap lined with green cloth; envelope flap covered in marbled paper; teal cloth pull with red leather end-tab attached to interior of case; white paper label with typed shelf-mark on spine of case.</marc:subfield>
</marc:datafield>
    <marc:datafield ind1=" " ind2=" " tag="500">
  <marc:subfield code="a">Origin: Completed at the end of the month of Juma&#x304;da&#x301; al-A&#x304;khirah in the year A.H. 1221 by H&#x323;&#x323;usayn H&#x323;a&#x304;mid ibn &#x2BB;Abd Alla&#x304;h, known as Ka&#x304;nkash (f. 163r).</marc:subfield>
</marc:datafield>
    <marc:datafield ind1=" " ind2=" " tag="500">
  <marc:subfield code="a">Copy has ms. note ("Not Arabic Turkish") in pencil on front pastedown; ms. shelf marks in pencil and blue and black ink (f. [i] recto). Bookseller's printed description affixed to front pastedown.</marc:subfield>
</marc:datafield>
    <marc:datafield ind1=" " ind2=" " tag="520">
  <marc:subfield code="a">Description of practices and observances during the Hajj. Descriptions of the places and inns on the way to Mecca. Closes with a list of places and their distance from Mecca. Notes and marginal comments in the same hand.</marc:subfield>
</marc:datafield>
    <marc:datafield ind1=" " ind2=" " tag="524">
  <marc:subfield code="a">CAJS Rar Ms 139</marc:subfield>
</marc:datafield>
    <marc:datafield ind1="1" ind2=" " tag="541">
  <marc:subfield code="a">Gift of John Frederick Lewis and presented to the Library of the Dropsie College for Hebrew and Cognate Learning (armorial bookplate with ms. presentation inscription in red ink and shelf mark in black ink, front pastedown)</marc:subfield>
</marc:datafield>
    <marc:datafield ind1=" " ind2=" " tag="546">
  <marc:subfield code="a">Arabic.</marc:subfield>
</marc:datafield>
    <marc:datafield ind1="1" ind2=" " tag="561">
  <marc:subfield code="a">Formerly owned by John Frederick Lewis (armorial bookplate, front pastedown).</marc:subfield>
</marc:datafield>
    <marc:datafield ind1="1" ind2=" " tag="561">
  <marc:subfield code="a">Formerly owned by the Dropsie College for Hebrew and Cognate Learning (note on bookplate).</marc:subfield>
</marc:datafield>
    <marc:datafield ind1=" " ind2="0" tag="650">
  <marc:subfield code="a">Muslim pilgrims and pilgrimages</marc:subfield>
  <marc:subfield code="z">Saudi Arabia</marc:subfield>
  <marc:subfield code="z">Mecca.</marc:subfield>
</marc:datafield>
    <marc:datafield ind1=" " ind2="0" tag="650">
  <marc:subfield code="a">Islam</marc:subfield>
  <marc:subfield code="x">Customs and practices.</marc:subfield>
</marc:datafield>
    <marc:datafield ind1=" " ind2="0" tag="655">
  <marc:subfield code="a">Manuscripts, Arabic</marc:subfield>
  <marc:subfield code="y">19th century.</marc:subfield>
</marc:datafield>
    <marc:datafield ind1=" " ind2="7" tag="655">
  <marc:subfield code="a">Codices (bound manuscripts)</marc:subfield>
  <marc:subfield code="2">aat</marc:subfield>
</marc:datafield>
    <marc:datafield ind1=" " ind2="7" tag="655">
  <marc:subfield code="a">Illuminations (painting)</marc:subfield>
  <marc:subfield code="2">aat</marc:subfield>
</marc:datafield>
    <marc:datafield ind1="1" ind2=" " tag="700">
  <marc:subfield code="6">880-03</marc:subfield>
  <marc:subfield code="a">Ka&#x304;nkash, H&#x323;&#x323;usayn H&#x323;a&#x304;mid ibn &#x2BB;Abd Alla&#x304;h,</marc:subfield>
  <marc:subfield code="e">scribe.</marc:subfield>
</marc:datafield>
    <marc:datafield ind1="1" ind2=" " tag="700">
  <marc:subfield code="a">Lewis, John Frederick,</marc:subfield>
  <marc:subfield code="d">1860-1932,</marc:subfield>
  <marc:subfield code="e">donor,</marc:subfield>
  <marc:subfield code="e">former owner.</marc:subfield>
</marc:datafield>
    <marc:datafield ind1="2" ind2=" " tag="710">
  <marc:subfield code="a">Dropsie College for Hebrew and Cognate Learning,</marc:subfield>
  <marc:subfield code="e">former owner.</marc:subfield>
</marc:datafield>
    <marc:datafield ind1=" " ind2=" " tag="852">
  <marc:subfield code="b">Library at the Herbert D. Katz Center for Advanced Judaic Studies</marc:subfield>
  <marc:subfield code="a">University of Pennsylvania</marc:subfield>
  <marc:subfield code="e">420 Walnut Street, Philadelphia, Pennsylvania 19106-3703.</marc:subfield>
  <marc:subfield code="j">CAJS Rar Ms 139</marc:subfield>
</marc:datafield>
    <marc:datafield ind1="1" ind2=" " tag="880">
  <marc:subfield code="6">100-01//r</marc:subfield>
  <marc:subfield code="a">&#x62F;&#x631;&#x648;&#x64A;&#x634;&#x60C; &#x645;&#x62D;&#x645;&#x62F; &#x627;&#x62F;&#x64A;&#x628; &#x628;&#x646; &#x645;&#x62D;&#x645;&#x62F;.</marc:subfield>
</marc:datafield>
    <marc:datafield ind1="1" ind2="0" tag="880">
  <marc:subfield code="6">245-02//r</marc:subfield>
  <marc:subfield code="a">&#x628;&#x647;&#x62C;&#x629; &#x627;&#x644;&#x645;&#x646;&#x627;&#x632;&#x644;.</marc:subfield>
</marc:datafield>
    <marc:datafield ind1="1" ind2=" " tag="880">
  <marc:subfield code="6">700-03//r</marc:subfield>
  <marc:subfield code="a">&#x643;&#x627;&#x646;&#x643;&#x634;&#x60C; &#x62D;&#x633;&#x64A;&#x646; &#x62D;&#x627;&#x645;&#x62F; &#x628;&#x646; &#x639;&#x628;&#x62F; &#x627;&#x644;&#x644;&#x647;.</marc:subfield>
</marc:datafield>
    <marc:datafield ind1=" " ind2=" " tag="948">
  <marc:subfield code="h">HELD BY PAU - 0 OTHER HOLDINGS</marc:subfield>
</marc:datafield>
    <marc:datafield ind1=" " ind2=" " tag="994">
  <marc:subfield code="a">Z0</marc:subfield>
  <marc:subfield code="b">PAU</marc:subfield>
</marc:datafield>
    <marc:datafield ind1=" " ind2=" " tag="996">
  <marc:subfield code="a">hinge-right</marc:subfield>
</marc:datafield>
    <marc:holdings>
      <marc:holding>
        <marc:holding_id>22320876040003681</marc:holding_id>
        <marc:call_number>CAJS Rar Ms 139</marc:call_number>
        <marc:library>KatzLib</marc:library>
        <marc:location>cjsrarms</marc:location>
      </marc:holding>
    </marc:holdings>
  </marc:record>
</marc:records>
